@article{ekf,
author = {Xiaoqian, Tang and Feicheng, Zhao and Zhengbing, Tang and Hongying, Wang},
year = {2022},
month = {02},
pages = {},
title = {Nonlinear Extended Kalman Filter for Attitude Estimation of the Fixed-Wing UAV},
volume = {2022},
journal = {International Journal of Optics},
doi = {10.1155/2022/7883851}
}

@book{kim2011kalman,
  title={Kalman Filter for Beginners: With MATLAB Examples},
  author={Kim, P. and Kim, P. and Huh, L.},
  isbn={9781463648350},
  url={https://books.google.es/books?id=W8u\_XwAACAAJ},
  year={2011},
  publisher={CreateSpace Independent Publishing Platform}
}

@misc{repo,
  author = {Hlad Colic, Petar},
  title = {Attitude Estimation using Extended Kalman Filter},
  year = {2022},
  publisher = {GitHub},
  journal = {GitHub repository},
  howpublished = {\url{https://github.com/petarhlad/Attitude-Kalman}},
}

@online{magn_repo,
  title={Adafruit CircuitPython module for the LIS2MDL 3-axis magnetometer - adafruit-circuitpython-lis2mdl},
  url={https://pypi.org/project/adafruit-circuitpython-lis2mdl/#description},
  urldate = {2021-06-14}, 
  publisher={Python Software Foundation}
}

@online{acc_repo,
  title={Adafruit CircuitPython module for the LSM303â€™s accelerometer - adafruit-circuitpython-lsm303},
  url={https://pypi.org/project/adafruit-circuitpython-lsm303-accel/},
  urldate = {2021-06-14}, 
  publisher={Python Software Foundation}
}

@online{mpu_repo,
  title={A Python module for accessing the MPU-6050 digital accelerometer and gyroscope on a Raspberry Pi - mpu6050-raspberrypi},
  url={https://pypi.org/project/mpu6050-raspberrypi/},
  urldate = {2021-06-14}, 
  publisher={Python Software Foundation}
} 